<record><leader>02370cam a2200565 i 4500</leader><controlfield tag="001">6734078</controlfield><controlfield tag="003">OCoLC</controlfield><controlfield tag="005">20160226080753.9</controlfield><controlfield tag="006">m     o  d        </controlfield><controlfield tag="007">cr cnu|||unuuu</controlfield><controlfield tag="008">141013t20152015nyua    ob    001 0 eng d</controlfield><datafield ind1="7" ind2=" " tag="016"><subfield code="a">016822655</subfield><subfield code="2">Uk</subfield></datafield><datafield ind1=" " ind2=" " tag="020"><subfield code="a">9781493911646</subfield><subfield code="q">(electronic bk.)</subfield></datafield><datafield ind1=" " ind2=" " tag="020"><subfield code="a">1493911643</subfield><subfield code="q">(electronic bk.)</subfield></datafield><datafield ind1=" " ind2=" " tag="020"><subfield code="a">1493911635</subfield></datafield><datafield ind1=" " ind2=" " tag="020"><subfield code="a">9781493911639</subfield></datafield><datafield ind1=" " ind2=" " tag="020"><subfield code="z">9781493911639</subfield></datafield><datafield ind1="7" ind2=" " tag="024"><subfield code="a">10.1007/978-1-4939-1164-6</subfield><subfield code="2">doi</subfield></datafield><datafield ind1=" " ind2=" " tag="035"><subfield code="a">ocn892847750</subfield></datafield><datafield ind1=" " ind2=" " tag="039"><subfield code="a">exclude</subfield></datafield><datafield ind1=" " ind2=" " tag="040"><subfield code="a">GW5XE</subfield><subfield code="b">eng</subfield><subfield code="e">rda</subfield><subfield code="e">pn</subfield><subfield code="c">GW5XE</subfield><subfield code="d">SCB</subfield><subfield code="d">FTU</subfield><subfield code="d">KIJ</subfield><subfield code="d">UKMGB</subfield><subfield code="d">OCLCF</subfield><subfield code="d">COO</subfield><subfield code="d">OCL</subfield><subfield code="d">OCLCQ</subfield><subfield code="d">AEU</subfield></datafield><datafield ind1=" " ind2="4" tag="050"><subfield code="a">RB140.2</subfield></datafield><datafield ind1=" " ind2="7" tag="072"><subfield code="a">PSF</subfield><subfield code="2">bicssc</subfield></datafield><datafield ind1=" " ind2="7" tag="072"><subfield code="a">SCI049000</subfield><subfield code="2">bisacsh</subfield></datafield><datafield ind1="0" ind2="4" tag="082"><subfield code="a">571.8/35</subfield><subfield code="2">23</subfield></datafield><datafield ind1=" " ind2=" " tag="090"><subfield code="a">Internet Access</subfield><subfield code="b">AEU</subfield></datafield><datafield ind1=" " ind2=" " tag="090"><subfield code="a">Internet Access</subfield><subfield code="b">AEU</subfield></datafield><datafield ind1="0" ind2="0" tag="245"><subfield code="a">Tissue morphogenesis :</subfield><subfield code="b">methods and protocols /</subfield><subfield code="c">edited by Celeste M. Nelson.</subfield></datafield><datafield ind1=" " ind2="1" tag="264"><subfield code="a">New York, NY :</subfield><subfield code="b">Humana Press,</subfield><subfield code="c">[2015]</subfield></datafield><datafield ind1=" " ind2="4" tag="264"><subfield code="c">&#169;2015</subfield></datafield><datafield ind1=" " ind2=" " tag="300"><subfield code="a">1 online resource (xii, 351 pages) :</subfield><subfield code="b">illustrations (some color).</subfield></datafield><datafield ind1=" " ind2=" " tag="336"><subfield code="a">text</subfield><subfield code="b">txt</subfield><subfield code="2">rdacontent</subfield></datafield><datafield ind1=" " ind2=" " tag="337"><subfield code="a">computer</subfield><subfield code="b">c</subfield><subfield code="2">rdamedia</subfield></datafield><datafield ind1=" " ind2=" " tag="338"><subfield code="a">online resource</subfield><subfield code="2">rdacarrier</subfield></datafield><datafield ind1=" " ind2=" " tag="347"><subfield code="a">text file</subfield><subfield code="b">PDF</subfield><subfield code="2">rda</subfield></datafield><datafield ind1="1" ind2=" " tag="490"><subfield code="a">Methods in Molecular Biology,</subfield><subfield code="x">1940-6029 ;</subfield><subfield code="v">1189</subfield></datafield><datafield ind1=" " ind2=" " tag="504"><subfield code="a">Includes bibliographical references and index.</subfield></datafield><datafield ind1=" " ind2=" " tag="506"><subfield code="a">Access restricted to authorized users and institutions.</subfield></datafield><datafield ind1="0" ind2=" " tag="588"><subfield code="a">Online resource; title from PDF title page (SpringerLink, viewed October 13, 2014).</subfield></datafield><datafield ind1=" " ind2=" " tag="596"><subfield code="a">44</subfield></datafield><datafield ind1=" " ind2="0" tag="650"><subfield code="a">Tissue remodeling</subfield><subfield code="v">Laboratory manuals.</subfield></datafield><datafield ind1=" " ind2="7" tag="650"><subfield code="a">Tissue remodeling.</subfield><subfield code="2">fast</subfield><subfield code="0">(OCoLC)fst01151491</subfield></datafield><datafield ind1=" " ind2="7" tag="655"><subfield code="a">Laboratory manuals.</subfield><subfield code="2">fast</subfield><subfield code="0">(OCoLC)fst01920776</subfield></datafield><datafield ind1="1" ind2=" " tag="700"><subfield code="a">Nelson, Celeste M.,</subfield><subfield code="e">editor.</subfield></datafield><datafield ind1=" " ind2="0" tag="830"><subfield code="a">Methods in molecular biology (Clifton, N.J.) ;</subfield><subfield code="v">v.1189.</subfield><subfield code="x">1064-3745</subfield></datafield><datafield ind1="4" ind2="0" tag="856"><subfield code="3">University of Alberta Access</subfield><subfield code="u">http://link.springer.com/10.1007/978-1-4939-1164-6</subfield><subfield code="z">(Unlimited Concurrent Users)</subfield><subfield code="z">from Springer</subfield></datafield><datafield ind1="4" ind2="0" tag="856"><subfield code="3">University of Alberta Access</subfield><subfield code="u">http://dx.doi.org/10.1007/978-1-4939-1164-6</subfield><subfield code="z">(Unlimited Concurrent Users)</subfield></datafield><datafield ind1=" " ind2=" " tag="949"><subfield code="h">UAIN</subfield><subfield code="z">SPRINGER</subfield></datafield><datafield ind1=" " ind2=" " tag="926"><subfield code="a">Internet Access</subfield><subfield code="w">LC</subfield><subfield code="c">1</subfield><subfield code="i">6734078-1001</subfield><subfield code="l">INTERNET</subfield><subfield code="m">UAINTERNET</subfield><subfield code="r">Y</subfield><subfield code="s">Y</subfield><subfield code="t">E-RESOURCE</subfield><subfield code="u">11/12/2014</subfield><subfield code="x">E-BOOK</subfield><subfield code="z">SPRINGPRO</subfield></datafield><datafield ind1=" " ind2=" " tag="926"><subfield code="a">Internet Access</subfield><subfield code="w">LC</subfield><subfield code="c">2</subfield><subfield code="i">6734078-1002</subfield><subfield code="l">INTERNET</subfield><subfield code="m">UAINTERNET</subfield><subfield code="r">Y</subfield><subfield code="s">Y</subfield><subfield code="t">E-RESOURCE</subfield><subfield code="u">3/7/2016</subfield><subfield code="x">E-BOOK</subfield><subfield code="z">SPRINGER</subfield></datafield></record>